@Article{Moscati2023,
  author    = {Ivan Moscati},
  journal   = {Economics and Philosophy},
  title     = {Behavioural and heuristic models are as-if models too {\textendash} and that's ok},
  year      = {2023},
  month     = {apr},
  pages     = {1--31},
  doi       = {10.1017/s0266267123000093},
  publisher = {Cambridge University Press ({CUP})},
}

@InCollection{Friedman1953,
  author    = {Milton Friedman},
  booktitle = {Essays in Positive Economics},
  publisher = {University of Chicago Press},
  title     = {The Methodology of Positive Economics},
  year      = {1953},
  editor    = {Milton Friedman},
  pages     = {3--43},
}

@Article{Bokulich2009,
  author    = {Alisa Bokulich},
  journal   = {Synthese},
  title     = {How scientific models can explain},
  year      = {2009},
  month     = {may},
  number    = {1},
  pages     = {33--45},
  volume    = {180},
  doi       = {10.1007/s11229-009-9565-1},
  publisher = {Springer Science and Business Media {LLC}},
}

@Comment{jabref-meta: databaseType:bibtex;}
